<record><leader>00000cas a22000007a 4500</leader><controlfield tag="001">11007752</controlfield><controlfield tag="008">840731d189u189umtuwr ne      0    0dan d</controlfield><datafield ind1=" " ind2=" " tag="010"><subfield code="a">sn 84036130 </subfield></datafield><datafield ind1=" " ind2=" " tag="040"><subfield code="a">MTL</subfield><subfield code="b">eng</subfield><subfield code="c">MTL</subfield><subfield code="d">NPV</subfield><subfield code="d">DLC</subfield><subfield code="d">OCLCQ</subfield></datafield><datafield ind1="0" ind2=" " tag="041"><subfield code="a">danswe</subfield></datafield><datafield ind1=" " ind2=" " tag="042"><subfield code="a">msc</subfield></datafield><datafield ind1="0" ind2="0" tag="245"><subfield code="a">Montana tidende og Skandinav.</subfield></datafield><datafield ind1=" " ind2=" " tag="260"><subfield code="a">Butte, Mont. :</subfield><subfield code="b">J. Hansen</subfield></datafield><datafield ind1=" " ind2=" " tag="300"><subfield code="a">v. :</subfield><subfield code="b">ill. ;</subfield><subfield code="c">55 cm.</subfield></datafield><datafield ind1=" " ind2=" " tag="310"><subfield code="a">Weekly</subfield></datafield><datafield ind1=" " ind2=" " tag="546"><subfield code="a">In Danish and Swedish.</subfield></datafield><datafield ind1=" " ind2=" " tag="580"><subfield code="a">Formed by the union of: Montana tidende (non-extant), and: Montana Skandinav.</subfield></datafield><datafield ind1=" " ind2=" " tag="588"><subfield code="a">Description based on: 2 aarg, no. 6 (9de Feb. 1894).</subfield></datafield><datafield ind1=" " ind2=" " tag="752"><subfield code="a">United States</subfield><subfield code="b">Montana</subfield><subfield code="c">Silver Bow</subfield><subfield code="d">Butte.</subfield></datafield><datafield ind1="1" ind2="4" tag="780"><subfield code="t">Montana tidende</subfield></datafield><datafield ind1="1" ind2="4" tag="780"><subfield code="t">Montana Skandinav</subfield><subfield code="w">(DLC)sn 84036129</subfield></datafield></record>